@online{http3-ietf,
    title = "Hypertext Transfer Protocol Version 3 (HTTP/3)",
    url = "https://tools.ietf.org/html/draft-ietf-quic-http-27",
    urldate = "2020",
}

@online{quic-master-thesis,
    title = "Performance Analysis of QUIC Protocol under NetworkCongestion",
    url = "http://web.cs.wpi.edu/~claypool/ms/quic/quic-thesis.pdf",
    urldate = "2017",
}
